@online{genome100,
  title = {{A \$100 Genome? New DNA Sequencers Could Be a 'Game Changer' for Biology, Medicine}},
  organization = {Science.org},
  url = {https://www.science.org/content/article/100-genome-new-dna-sequencers-could-be-game-changer-biology-medicine},
  year = {2022},
  urldate = {2023-08-12},
}

@article{caudai2021ai,
  title={AI applications in functional genomics},
  author={Caudai, Claudia and Galizia, Antonella and Geraci, Filippo and Le Pera, Loredana and Morea, Veronica and Salerno, Emanuele and Via, Allegra and Colombo, Teresa},
  journal={Computational and Structural Biotechnology Journal},
  volume={19},
  pages={5762--5790},
  month = {October,},
  year = {2021},
  publisher={Elsevier},
  note = "\Uppercase{A}ccessed on: August, 16, 2023, doi: 10.1016/j.csbj.2021.10.009, [Online]",
}

@article{shihab2015integrative,
  title={An integrative approach to predicting the functional effects of non-coding and coding sequence variation},
  author={Shihab, Hashem A and Rogers, Mark F and Gough, Julian and Mort, Matthew and Cooper, David N and Day, Ian NM and Gaunt, Tom R and Campbell, Colin},
  journal={Bioinformatics},
  volume={31},
  number={10},
  pages={1536--1543},
  month = {February,},
  year={2015},
  publisher={Oxford University Press},
  note = "\Uppercase{A}ccessed on: August, 16, 2023, doi: 10.1093/bioinformatics/btv009, [Online]",
}

@article{li2022metarnn,
  title={MetaRNN: differentiating rare pathogenic and rare benign missense SNVs and InDels using deep learning},
  author={Li, Chang and Zhi, Degui and Wang, Kai and Liu, Xiaoming},
  journal={Genome Medicine},
  volume={14},
  number={115},
  month = {October},
  year={2022},
  note = "\Uppercase{A}ccessed on: August, 16, 2023, doi: 10.1186/s13073-022-01120-z, [Online]",
  publisher={Springer}
}

@article{evans2019genetic,
  title={Genetic variant pathogenicity prediction trained using disease-specific clinical sequencing data sets},
  author={Evans, Perry and Wu, Chao and Lindy, Amanda and McKnight, Dianalee A and Lebo, Matthew and Sarmady, Mahdi and Abou Tayoun, Ahmad N},
  journal={Genome Research},
  volume={29},
  number={7},
  pages={1144--1151},
  month = {July,},
  year={2019},
  publisher={Cold Spring Harbor Lab},
  note = "\Uppercase{A}ccessed on: August, 16, 2023, doi: 10.1101/gr.240994.118, [Online]"
}

@article{gunning2021assessing,
  title={Assessing performance of pathogenicity predictors using clinically relevant variant datasets},
  author={Gunning, Adam C and Fryer, Verity and Fasham, James and Crosby, Andrew H and Ellard, Sian and Baple, Emma L and Wright, Caroline F},
  journal={Journal of medical genetics},
  volume={58},
  number={8},
  pages={547--555},
  month = {August,},
  year={2021},
  publisher={BMJ Publishing Group Ltd},
  note = "\Uppercase{A}ccessed on: August, 16, 2023, doi: 10.1136/jmedgenet-2020-107003, [Online]"
}

@article{gerasimavicius2022loss,
  title={Loss-of-function, gain-of-function and dominant-negative mutations have profoundly different effects on protein structure},
  author={Gerasimavicius, Lukas and Livesey, Benjamin J and Marsh, Joseph A},
  journal={Nature communications},
  volume={13},
  number={3895},
  month = {July,},
  year={2022},
  publisher={Nature Publishing Group UK London},
  note = "\Uppercase{A}ccessed on: August, 16, 2023, doi: 10.1038/s41467-022-31686-6, [Online]"
}

@article{fadista2017loftool,
  title={LoFtool: a gene intolerance score based on loss-of-function variants in 60 706 individuals},
  author={Fadista, Jo{\~a}o and Oskolkov, Nikolay and Hansson, Ola and Groop, Leif},
  journal={Bioinformatics},
  volume={33},
  number={4},
  pages={471--474},
  month = {August,},
  year={2016},
  publisher={Oxford University Press},
  note = "\Uppercase{A}ccessed on: August, 16, 2023, doi: 10.1093/bioinformatics/btv602, [Online]"
}

@article{tripathi2020genetic,
  title={Genetic Variation in SOD1 Gene Promoter Ins/Del and Its Influence on Oxidative Stress in Beta Thalassemia Major Patients},
  author={Tripathi, Poonam and Agarwal, Sarita and Sarangi, Aditya Narayan and Tewari, Satyendra and Mandal, Kausik},
  journal={International Journal of Hematology-Oncology and Stem Cell Research},
  volume={14},
  number={2},
  pages={110-117},
  month = {April,}, 
  year={2020},
  publisher={Tehran University of Medical Sciences},
  note = "\Uppercase{A}ccessed on: August, 16, 2023."
}

@article{taneera2019gnas,
  title={GNAS gene is an important regulator of insulin secretory capacity in pancreatic $\beta$-cells},
  author={Taneera, Jalal and Dhaiban, Sarah and Mohammed, Abdul Khader and Mukhopadhyay, Debasmita and Aljaibeji, Hayat and Sulaiman, Nabil and Fadista, Joao and Salehi, Albert},
  journal={Gene},
  volume={715},
  pages={144028},
  month = {July,},
  year={2019},
  publisher={Elsevier},
  note = "\Uppercase{A}ccessed on: August, 16, 2023, doi: 10.1016/j.gene.2019.144028, [Online]"
}

@misc{kevinarvai_2020,
  note = "K. Arvai, 2020. {{Genetic variant classifications}}, distributed by Kaggle, doi: 10.34740/KAGGLE/DSV/1030915."
}

@online{ncidictionary,
  title = {{NCI Dictionary of Genetics Terms}},
  organization = {National Cancer Institute},
  url = {https://www.cancer.gov/publications/dictionaries/genetics-dictionary/def/vus},
  year = {2023},
  urldate = {2023-08-12}
}

@misc{sorzano2014survey,
      title={A survey of dimensionality reduction techniques}, 
      author={C. O. S. Sorzano and J. Vargas and A. Pascual Montano},
      month = {March,},
      year={2014},
      eprint={1403.2877},
      archivePrefix={arXiv},
      primaryClass={stat.ML}
}

@article{raymaekers2021transforming,
  title={Transforming variables to central normality},
  author={Raymaekers, Jakob and Rousseeuw, Peter J},
  journal={Machine Learning},
  pages={1--23},
  year={2021},
  publisher={Springer}
}

@article{pargent2022regularized,
  title={Regularized target encoding outperforms traditional methods in supervised machine learning with high cardinality features},
  author={Pargent, Florian and Pfisterer, Florian and Thomas, Janek and Bischl, Bernd},
  journal={Computational Statistics},
  volume={37},
  number={5},
  pages={2671--2692},
  month = {March,},
  year={2022},
  publisher={Springer},
  note = "\Uppercase{A}ccessed on: August, 16, 2023, doi: 10.1007/s00180-022-01207-6, [Online]"
}

@article{nicodemus2009predictor,
  title={Predictor correlation impacts machine learning algorithms: implications for genomic studies},
  author={Nicodemus, Kristin K and Malley, James D},
  journal={Bioinformatics},
  volume={25},
  number={15},
  pages={1884--1890},
  month = {August,},
  year={2009},
  publisher={Oxford University Press},
  note = "\Uppercase{A}ccessed on: August, 16, 2023, doi: 10.1093/bioinformatics/btp331, [Online]"
}

@misc{bmj2020correlation,
  title = "11. Correlation and Regression",
  author = "{The BMJ}",
  howpublished = "\url{https://www.bmj.com/about-bmj/resources-readers/publications/statistics-square-one/11-correlation-and-regression}",
  note = "Accessed August 12, 2023",
  year = 2020,
  month = "Oct",
}

@article{zuliani2009ransac,
  title={RANSAC for Dummies},
  author={Zuliani, Marco},
  journal={Vision Research Lab, University of California, Santa Barbara},
  month = {October,}, 
  year={2009},
  publisher={Citeseer}, 
  note = "\Uppercase{A}ccessed on: August, 16, 2023."
}

@article{derpanis2010overview,
  title={Overview of the RANSAC Algorithm},
  author={Derpanis, Konstantinos G},
  journal={Image Rochester NY},
  volume={4},
  number={1},
  pages={2--3},
  month = {May,},
  year={2010}, 
  note = "\Uppercase{A}ccessed on: August, 16, 2023."
}

@article{curran2018explorations,
  title={Explorations in statistics: the log transformation},
  author={Curran-Everett, Douglas},
  journal={Advances in physiology education},
  volume={42},
  number={2},
  pages={343--347},
  month = {June,},
  year={2018},
  publisher={American Physiological Society Bethesda, MD},
  note = "\Uppercase{A}ccessed on: August, 16, 2023, doi: 10.1152/advan.00018.2018, [Online]"
}

@article{changyong2014log,
  title={Log-transformation and its implications for data analysis},
  author={Changyong, FENG and Hongyue, WANG and Naiji, LU and Tian, CHEN and Hua, HE and Ying, LU and others},
  journal={Shanghai archives of psychiatry},
  volume={26},
  number={2},
  pages={105},
  month = {April,},
  year={2014},
  publisher={Shanghai Mental Health Center}, 
  note = "\Uppercase{A}ccessed on: August, 16, 2023, doi: 10.3969/j.issn.1002-0829.2014.02.009, [Online]"
}

@article{feng2013log,
  title={Log transformation: application and interpretation in biomedical research},
  author={Feng, Changyong and Wang, Hongyue and Lu, Naiji and Tu, Xin M},
  journal={Statistics in medicine},
  volume={32},
  number={2},
  pages={230--239},
  month = {July,},
  year={2012},
  publisher={Wiley Online Library}, 
  note = "\Uppercase{A}ccessed on: August, 16, 2023, doi: 10.1002/sim.5486, [Online]"
}

@article{keene1995log,
  title={The log transformation is special},
  author={Keene, Oliver N},
  journal={Statistics in medicine},
  volume={14},
  number={8},
  pages={811--819},
  month = {April,},
  year={1995},
  publisher={Wiley Online Library},
  note = "\Uppercase{A}ccessed on: August, 16, 2023, doi: 10.1002/sim.4780140810, [Online]"
}

@article{weisberg2001yeo,
  title={Yeo-Johnson power transformations},
  author={Weisberg, Sanford},
  journal={Department of Applied Statistics, University of Minnesota. Retrieved June},
  volume={1},
  pages={2003},
  month = {October,},
  year={2001},
  note = "\Uppercase{A}ccessed on: August, 16, 2023."
}

@article{yeo2000new,
  title={A new family of power transformations to improve normality or symmetry},
  author={Yeo, In-Kwon and Johnson, Richard A},
  journal={Biometrika},
  volume={87},
  number={4},
  pages={954--959},
  month = {December,},
  year={2000},
  publisher={Oxford University Press},
  note = "\Uppercase{A}ccessed on: August, 16, 2023, doi: 10.1093/biomet/87.4.954, [Online]"
}

@misc{ni2012review,
  note = "N. Weizing, {{"A review and comparative study on univariate feature selection techniques,"}} M.S. thesis, Department of Mechanical Engineering, University of Cincinnati, Cincinnati, Ohio, 2012."
}

@online{scikit-learn-feature-selection,
  title = {1.13. Feature Selection},
  author = {{Scikit-Learn}},
  year = {2023},
  url = {https://scikit-learn.org/stable/modules/feature_selection.html#univariate-feature-selection},
  urldate = {2023-08-12}
}

@misc{berrar2019cross,
  title={Cross-Validation.},
  author={Berrar, Daniel},
  year={2019}
}